
@inproceedings{tacconi_activity_2008,
	address = {Tampere, Finland},
	title = {Activity and emotion recognition to support early diagnosis of psychiatric diseases},
	isbn = {978-963-9799-15-8},
	url = {http://ieeexplore.ieee.org/document/4571041/},
	doi = {10.1109/PCTHEALTH.2008.4571041},
	urldate = {2019-08-16},
	booktitle = {2008 {Second} {International} {Conference} on {Pervasive} {Computing} {Technologies} for {Healthcare}},
	publisher = {IEEE},
	author = {Tacconi, David and Mayora, Oscar and Lukowicz, Paul and Arnrich, Bert and Setz, Cornelia and Troster, Gerhard and Haring, Christian},
	month = jan,
	year = {2008},
	pages = {100--102}
}

@inproceedings{ferdinando_comparing_2016,
	address = {Chiang Mai, Thailand},
	title = {Comparing features from {ECG} pattern and {HRV} analysis for emotion recognition system},
	isbn = {978-1-4673-9472-7},
	url = {http://ieeexplore.ieee.org/document/7758108/},
	doi = {10.1109/CIBCB.2016.7758108},
	urldate = {2019-08-16},
	booktitle = {2016 {IEEE} {Conference} on {Computational} {Intelligence} in {Bioinformatics} and {Computational} {Biology} ({CIBCB})},
	publisher = {IEEE},
	author = {Ferdinando, Hany and Seppanen, Tapio and Alasaarela, Esko},
	month = oct,
	year = {2016},
	pages = {1--6},
	file = {Ferdinando et al. - 2016 - Comparing features from ECG pattern and HRV analys.pdf:/Users/Russel/Zotero/storage/XJ49GGE6/Ferdinando et al. - 2016 - Comparing features from ECG pattern and HRV analys.pdf:application/pdf}
}

@inproceedings{keren_end--end_2017,
	address = {Hong Kong, Hong Kong},
	title = {End-to-end learning for dimensional emotion recognition from physiological signals},
	isbn = {978-1-5090-6067-2},
	url = {http://ieeexplore.ieee.org/document/8019533/},
	doi = {10.1109/ICME.2017.8019533},
	urldate = {2019-08-17},
	booktitle = {2017 {IEEE} {International} {Conference} on {Multimedia} and {Expo} ({ICME})},
	publisher = {IEEE},
	author = {Keren, Gil and Kirschstein, Tobias and Marchi, Erik and Ringeval, Fabien and Schuller, Bjorn},
	month = jul,
	year = {2017},
	pages = {985--990},
	file = {Submitted Version:/Users/Russel/Zotero/storage/34EP5RJ9/Keren et al. - 2017 - End-to-end learning for dimensional emotion recogn.pdf:application/pdf}
}

@inproceedings{hassani_physiological_2017,
	address = {Salmabad},
	title = {Physiological signal-based emotion recognition system},
	isbn = {978-1-5386-2106-6},
	url = {http://ieeexplore.ieee.org/document/8277912/},
	doi = {10.1109/ICETAS.2017.8277912},
	urldate = {2019-08-16},
	booktitle = {2017 4th {IEEE} {International} {Conference} on {Engineering} {Technologies} and {Applied} {Sciences} ({ICETAS})},
	publisher = {IEEE},
	author = {Hassani, Saif and Bafadel, Ibrahim and Bekhatro, Abdelrahman and Blooshi, Ebraheim Al and Ahmed, Soha and Alahmad, Mahmoud},
	month = nov,
	year = {2017},
	pages = {1--5},
	file = {Hassani et al. - 2017 - Physiological signal-based emotion recognition sys.pdf:/Users/Russel/Zotero/storage/TMXSIJY2/Hassani et al. - 2017 - Physiological signal-based emotion recognition sys.pdf:application/pdf}
}

@inproceedings{guo_heart_2016,
	address = {Taichung, Taiwan},
	title = {Heart {Rate} {Variability} {Signal} {Features} for {Emotion} {Recognition} by {Using} {Principal} {Component} {Analysis} and {Support} {Vectors} {Machine}},
	isbn = {978-1-5090-3834-3},
	url = {http://ieeexplore.ieee.org/document/7789995/},
	doi = {10.1109/BIBE.2016.40},
	urldate = {2019-08-17},
	booktitle = {2016 {IEEE} 16th {International} {Conference} on {Bioinformatics} and {Bioengineering} ({BIBE})},
	publisher = {IEEE},
	author = {Guo, Han-Wen and Huang, Yu-Shun and Lin, Chien-Hung and Chien, Jen-Chien and Haraikawa, Koichi and Shieh, Jiann-Shing},
	month = oct,
	year = {2016},
	pages = {274--277},
	file = {Guo et al. - 2016 - Heart Rate Variability Signal Features for Emotion.pdf:/Users/Russel/Zotero/storage/DA5ULRX2/Guo et al. - 2016 - Heart Rate Variability Signal Features for Emotion.pdf:application/pdf}
}

@article{goshvarpour_accurate_2017,
	title = {An accurate emotion recognition system using {ECG} and {GSR} signals and matching pursuit method},
	volume = {40},
	issn = {23194170},
	url = {https://linkinghub.elsevier.com/retrieve/pii/S2319417016301056},
	doi = {10.1016/j.bj.2017.11.001},
	language = {en},
	number = {6},
	urldate = {2019-08-17},
	journal = {Biomedical Journal},
	author = {Goshvarpour, Atefeh and Abbasi, Ataollah and Goshvarpour, Ateke},
	month = dec,
	year = {2017},
	pages = {355--368},
	file = {Full Text:/Users/Russel/Zotero/storage/GJC5DSPM/Goshvarpour et al. - 2017 - An accurate emotion recognition system using ECG a.pdf:application/pdf}
}

@inproceedings{das_emotion_2016,
	address = {Pune, India},
	title = {Emotion recognition employing {ECG} and {GSR} signals as markers of {ANS}},
	isbn = {978-1-5090-0849-0},
	url = {http://ieeexplore.ieee.org/document/7746134/},
	doi = {10.1109/CASP.2016.7746134},
	urldate = {2019-08-17},
	booktitle = {2016 {Conference} on {Advances} in {Signal} {Processing} ({CASP})},
	publisher = {IEEE},
	author = {Das, Priyanka and Khasnobish, Anwesha and Tibarewala, D.N.},
	month = jun,
	year = {2016},
	pages = {37--42},
	file = {Das et al. - 2016 - Emotion recognition employing ECG and GSR signals .pdf:/Users/Russel/Zotero/storage/QGVY6HIK/Das et al. - 2016 - Emotion recognition employing ECG and GSR signals .pdf:application/pdf}
}

@inproceedings{cheng_novel_2017,
	address = {Shenzhen},
	title = {A novel {ECG}-based real-time detection method of negative emotions in wearable applications},
	isbn = {978-1-5386-3016-7},
	url = {http://ieeexplore.ieee.org/document/8304293/},
	doi = {10.1109/SPAC.2017.8304293},
	urldate = {2019-08-17},
	booktitle = {2017 {International} {Conference} on {Security}, {Pattern} {Analysis}, and {Cybernetics} ({SPAC})},
	publisher = {IEEE},
	author = {Cheng, Zi and Shu, Lin and Xie, Jinyan and Chen, C. L. Philip},
	month = dec,
	year = {2017},
	pages = {296--301},
	file = {Cheng et al. - 2017 - A novel ECG-based real-time detection method of ne.pdf:/Users/Russel/Zotero/storage/KAH2ZAHE/Cheng et al. - 2017 - A novel ECG-based real-time detection method of ne.pdf:application/pdf}
}

@article{ben_emotion_2017,
	title = {Emotion {Classification} in {Arousal} {Valence} {Model} using {MAHNOB}-{HCI} {Database}},
	volume = {8},
	issn = {21565570, 2158107X},
	url = {http://thesai.org/Publications/ViewPaper?Volume=8&Issue=3&Code=ijacsa&SerialNo=44},
	doi = {10.14569/IJACSA.2017.080344},
	language = {en},
	number = {3},
	urldate = {2019-08-16},
	journal = {ijacsa},
	author = {Ben, Mimoun and Lachiri, Zied},
	year = {2017},
	file = {Full Text:/Users/Russel/Zotero/storage/NF64MR3I/Ben and Lachiri - 2017 - Emotion Classification in Arousal Valence Model us.pdf:application/pdf}
}

@inproceedings{ben_henia_wiem_emotion_2017,
	address = {Paris},
	title = {Emotion recognition system based on physiological signals with {Raspberry} {Pi} {III} implementation},
	isbn = {978-1-5386-1037-4 978-1-5386-1038-1},
	url = {http://ieeexplore.ieee.org/document/8097053/},
	doi = {10.1109/ICFSP.2017.8097053},
	urldate = {2019-08-16},
	booktitle = {2017 3rd {International} {Conference} on {Frontiers} of {Signal} {Processing} ({ICFSP})},
	publisher = {IEEE},
	author = {Ben Henia Wiem, Mimoun and Lachiri, Zied},
	month = sep,
	year = {2017},
	pages = {20--24},
	file = {Ben Henia Wiem and Lachiri - 2017 - Emotion recognition system based on physiological .pdf:/Users/Russel/Zotero/storage/QX4QUP7C/Ben Henia Wiem and Lachiri - 2017 - Emotion recognition system based on physiological .pdf:application/pdf}
}