@misc{ wiki:SinusRythmLabels,
  author = "{Agateller (Anthony Atkielski)}",
  title = "Schematic representation of normal ECG",
  year = "2007",
  url = "https://en.wikipedia.org/wiki/QRS_complex#/media/File:SinusRhythmLabels.svg",
  note = "[Online; accessed 11-Nov-2019]"
}

@misc{ wiki:LabelledHumanHeart,
  author = "{Wapcaplet}",
  title = "The heart showing valves, arteries and veins",
  year = "2006",
  url = "https://en.wikipedia.org/wiki/Heart#/media/File:Diagram_of_the_human_heart_(cropped).svg",
  note = "[Online; accessed 11-Nov-2019]"
}

@article{kamath1987heart,
  title={Heart rate variability power spectrogram as a potential noninvasive signature of cardiac regulatory system response, mechanisms, and disorders},
  author={Kamath, Markad V and Ghista, Dhanjoo N and Fallen, Ernest L and Fitchett, David and Miller, Donald and McKelvie, Robert},
  journal={Heart and vessels},
  volume={3},
  number={1},
  pages={33--41},
  year={1987},
  publisher={Springer}
}

@article{appelhans2006heart,
  title={Heart rate variability as an index of regulated emotional responding},
  author={Appelhans, Bradley M and Luecken, Linda J},
  journal={Review of general psychology},
  volume={10},
  number={3},
  pages={229--240},
  year={2006},
  publisher={SAGE Publications Sage CA: Los Angeles, CA}
}

@article{thayer2005psychosomatics,
  title={Psychosomatics and psychopathology: looking up and down from the brain},
  author={Thayer, Julian F and Brosschot, Jos F},
  journal={Psychoneuroendocrinology},
  volume={30},
  number={10},
  pages={1050--1058},
  year={2005},
  publisher={Elsevier}
}

@article{thayer2009claude,
  title={Claude Bernard and the heart--brain connection: Further elaboration of a model of neurovisceral integration},
  author={Thayer, Julian F and Lane, Richard D},
  journal={Neuroscience \& Biobehavioral Reviews},
  volume={33},
  number={2},
  pages={81--88},
  year={2009},
  publisher={Elsevier}
}

@article{schulz2008negative,
  title={Negative self-focused cognitions mediate the effect of trait social anxiety on state anxiety},
  author={Schulz, Stefan M and Alpers, Georg W and Hofmann, Stefan G},
  journal={Behaviour Research and Therapy},
  volume={46},
  number={4},
  pages={438--449},
  year={2008},
  publisher={Elsevier}
}

@article{abi2019einthoven,
  title={Einthoven's triangle transparency: a practical method to explain limb lead configuration following single lead misplacements},
  author={Abi-Saleh, Bernard and Omar, Bassam},
  journal={Reviews in cardiovascular medicine},
  volume={11},
  number={1},
  pages={33--38},
  year={2019}
}

@manual{ae:ad8232,
  organization="Analog Electronics",
  title="Single-lead, heart rate monitor front end",
  number="AD8232",
  url= "https://www.analog.com/media/en/technical-documentation/data-sheets/AD8232.pdf",
  year=2013,
  month=4,
}

@misc{cvp:ECG_eithoven,
  author="Richard E. Klabunde",
  title="Electrocardiogram Standard Limb Leads (Bipolar)",
  year="2017",
  url="https://www.cvphysiology.com/Arrhythmias/A013a",
  note = "[Online; accessed 11-Nov-2019]"
}

@misc{lichtenauer2011mahnob,
  title={Mahnob-Hci-Tagging Database},
  author={Lichtenauer, JEROEN and Soleymani, MOHAMMAD},
  year={2011},
  publisher={London}
}

@article{hsu2012poincare,
  title={Poincar{\'e} plot indexes of heart rate variability detect dynamic autonomic modulation during general anesthesia induction},
  author={Hsu, Che-Hao and Tsai, Ming-Ya and Huang, Go-Shine and Lin, Tso-Chou and Chen, Kuen-Pao and Ho, Shung-Tai and Shyu, Liang-Yu and Li, Chi-Yuan},
  journal={Acta Anaesthesiologica Taiwanica},
  volume={50},
  number={1},
  pages={12--18},
  year={2012},
  publisher={Elsevier}
}
